<record><leader>00000cas a22000007a 4500</leader><controlfield tag="001">14983207</controlfield><controlfield tag="008">861217d18971898pauwr ne      0    0eng d</controlfield><datafield ind1=" " ind2=" " tag="010"><subfield code="a">sn 86083430 </subfield></datafield><datafield ind1=" " ind2=" " tag="040"><subfield code="a">NPH</subfield><subfield code="b">eng</subfield><subfield code="c">NPH</subfield><subfield code="d">OCLCQ</subfield></datafield><datafield ind1=" " ind2=" " tag="042"><subfield code="a">msc</subfield></datafield><datafield ind1="0" ind2="0" tag="245"><subfield code="a">Hopewell telephone.</subfield></datafield><datafield ind1=" " ind2=" " tag="260"><subfield code="a">Hopewell, Pa. :</subfield><subfield code="b">J. Frank Cornelius,</subfield><subfield code="c">1897-1898.</subfield></datafield><datafield ind1=" " ind2=" " tag="300"><subfield code="a">1 v. ;</subfield><subfield code="c">31-41 cm.</subfield></datafield><datafield ind1=" " ind2=" " tag="310"><subfield code="a">Weekly</subfield></datafield><datafield ind1="0" ind2=" " tag="362"><subfield code="a">Vol. 1, no. 1 (Aug. 5, 1897)-v. 2, no. 6 (Sept. 10, 1898).</subfield></datafield><datafield ind1=" " ind2=" " tag="500"><subfield code="a">Published every Thursday morning.</subfield></datafield><datafield ind1=" " ind2=" " tag="752"><subfield code="a">United States</subfield><subfield code="b">Pennsylvania</subfield><subfield code="c">Bedford</subfield><subfield code="d">Hopewell.</subfield></datafield></record>